@book{DBLP:books/sp/Plaat22,
  author    = {Aske Plaat},
  title     = {Deep Reinforcement Learning},
  publisher = {Springer},
  year      = {2022},
  url       = {https://doi.org/10.1007/978-981-19-0638-1},
  doi       = {10.1007/978-981-19-0638-1},
  isbn      = {978-981-19-0637-4},
  timestamp = {Mon, 13 Jun 2022 15:38:02 +0200},
  biburl    = {https://dblp.org/rec/books/sp/Plaat22.bib},
  bibsource = {dblp computer science bibliography, https://dblp.org}
}

@misc{1606.01540,
  Author = {Greg Brockman and Vicki Cheung and Ludwig Pettersson and Jonas Schneider and John Schulman and Jie Tang and Wojciech Zaremba},
  Title = {OpenAI Gym},
  Year = {2016},
  Eprint = {arXiv:1606.01540},
}

@inproceedings{DBLP:conf/iclr/SmithKYL18,
  author    = {Samuel L. Smith and
               Pieter{-}Jan Kindermans and
               Chris Ying and
               Quoc V. Le},
  title     = {Don't Decay the Learning Rate, Increase the Batch Size},
  booktitle = {6th International Conference on Learning Representations, {ICLR} 2018,
               Vancouver, BC, Canada, April 30 - May 3, 2018, Conference Track Proceedings},
  publisher = {OpenReview.net},
  year      = {2018},
  url       = {https://openreview.net/forum?id=B1Yy1BxCZ},
  timestamp = {Thu, 25 Jul 2019 14:25:47 +0200},
  biburl    = {https://dblp.org/rec/conf/iclr/SmithKYL18.bib},
  bibsource = {dblp computer science bibliography, https://dblp.org}
}

@misc{wandb,
title = {Experiment Tracking with Weights and Biases},
year = {2020},
note = {Software available from wandb.com},
url={https://www.wandb.com/},
author = {Biewald, Lukas},
}

@Article{Cybenko,
  author = 	 "G. Cybenko",
  title = 	 "Approximation by superpositions of a sigmoidal function",
  journal =	 "Mathematics of Control, Signals and Systems volume",
  year =	 "1989",
  volume =	 "2",
  pages =	 "303--314"
}

@article{kingma2014adam,
  title={Adam: A method for stochastic optimization},
  author={Kingma, Diederik P and Ba, Jimmy},
  journal={arXiv preprint arXiv:1412.6980},
  year={2014}
}

@inproceedings{DBLP:conf/icml/FedusRABLRD20,
  author    = {William Fedus and
               Prajit Ramachandran and
               Rishabh Agarwal and
               Yoshua Bengio and
               Hugo Larochelle and
               Mark Rowland and
               Will Dabney},
  title     = {Revisiting Fundamentals of Experience Replay},
  booktitle = {Proceedings of the 37th International Conference on Machine Learning,
               {ICML} 2020, 13-18 July 2020, Virtual Event},
  series    = {Proceedings of Machine Learning Research},
  volume    = {119},
  pages     = {3061--3071},
  publisher = {{PMLR}},
  year      = {2020},
  url       = {http://proceedings.mlr.press/v119/fedus20a.html},
  timestamp = {Tue, 15 Dec 2020 17:40:18 +0100},
  biburl    = {https://dblp.org/rec/conf/icml/FedusRABLRD20.bib},
  bibsource = {dblp computer science bibliography, https://dblp.org}
}
